2490 4076
413 256 670 345 NJ-rt‘

151 427 339 506 'Suevorlinr
363 427 402 504 a‘t
419 437 496 506 Isidi
520 435 696 508 sacrificata
741 433 838 506 Udde
859 449 964 508 cansa·
977 454 1009 505 et
1032 445 1131 527 origo*

159 535 451 618 peregrinorum,
482 535 778 617 parurn‘oomperi,
807 537 869 596 niti
891 533 976 618 quo'd
995 531 1123 615 signudt
1157 537 1169 562 ⁸

157 627 281 706 ipsunt,
311 624 346 684 in
366 624 500 685 modurn
526 624 687 686 Liburnae
706 623 901 706 figuratum,
923 625 1018 692 docet
1028 622 1121 683 adve-

158 727 243 774 etam
261 707 463 794 religionem.
515 713 671 776 Ceterum·
691 732 753 774 nec
774 712 1120 795 cohibere‘parietibus

51 827 55 843 ¹
157 803 242 864 Deos
257 821 362 882 neque
382 804 416 864 in
430 802 535 863 ullam
548 803 684 864 humani
699 806 761 866 oris
778 795 917 884 speciem
935 801 1117 874 assimilare,

156 887 197 952 erl
224 891 452 974 'magnitudine
476 893 666 954 coelestium
690 894 894 955 arbitrantur.
940 891 1060 952 ¹Luco's
1081 909 1118 952 ac

77 943 110 1014 l(
153 1000 286 1043 nemora
314 994 503 1042 consecrant
529 981 727 1065 deorumque
740 979 934 1056 ‘nominibus
957 979 1119 1065 appellant

153 1085 313 1146 secretum
326 1069 424 1144 illud,
448 1071 534 1150 quod
548 1073 613 1133 sola
627 1071 806 1136 reverentia
824 1071 941 1134 vident.
962 1089 965 1108 ·
1010 1093 1012 1098 ·
1121 1119 1125 1130 .

447 1195 453 1238 l

298 1415 301 1423 ·
398 1365 617 1461 Dcsortibus
638 1385 670 1434 et
694 1359 855 1453 auspiciis.
928 1417 931 1422 .

216 1509 361 1591 Auspicia
378 1507 539 1594 sortesque
553 1523 588 1575 ut
603 1515 658 1596 qui
667 1513 815 1575 'maxime
831 1511 1007 1582 observant.
1039 1507 1113 1570 Sor·
1142 1541 1145 1553 ·

59 1637 62 1648 ‚
96 1593 100 1601 ’
148 1597 230 1660 tium
253 1599 450 1662 consuetudo
471 1605 624 1684 simplex:
652 1604 790 1686 virgam,
813 1601 986 1684 frugiferae
1005 1599 1112 1660 arbori

148 1687 303 1760 decisam,
325 1690 362 1751 iu
377 1691 519 1766 surculos
534 1689 703 1772 amputant
720 1711 835 1772 eosque
843 1733 853 1763 ,
884 1693 967 1751 notis
982 1688 1110 1771 quibus·

146 1776 221 1840 dom
235 1779 400 1850 discretos,
423 1797 517 1862 super
535 1781 704 1842 candidam
721 1787 841 1843 vestem
853 1790 977 1847 temera
993 1799 1031 1839 ac
1044 1779 1109 1839 ior·
1126 1787 1131 1797 '

145 1867 230 1929 tuitu
247 1881 409 1962 spargunt.
448 1869 542 1946 Mox,
563 1870 589 1931 sl
603 1871 733 1953 publice
746 1869 939 1942 consuletur,
964 1868 1107 1930 sacerdos

213 2037 413 2118 sacrificat
440 2057 537 2112 Vienn.
553 2055 786 2110 sacrificant.
1040 2025 1044 2064 Ι

211 2123 384 2190 decisam]
404 2057 463 2178 dod
476 2124 768 2195 Lotis-descisam.
958 2173 962 2184 ,

210 2191 444 2261 consuletur]
474 2193 600 2248 Rhene
620 2195 689 2260 conj.
720 2191 961 2260 consulatur,
997 2193 1102 2248 Mutet.

141 2259 389 2312 consultatur.
578 2263 580 2270 ’

139 2437 142 2442 ·
235 2413 501 2488 eregrino]Aeg
539 2419 618 2471 tiano.
757 2461 759 2469 .

154 2545 156 2552 y
207 2437 408 2549 {liburnae}
424 2484 482 2539 aive
527 2487 671 2540 iburnicae
692 2503 716 2537 v.
737 2484 857 2556 interpp.
878 2484 917 2538 ad
929 2485 1062 2542 Honor.
1075 2489 1099 2556 1,

140 2562 186 2622 37,
201 2563 244 2614 30.
256 2561 285 2606 et
297 2551 382 2624 Epod.
396 2553 419 2619 1,
435 2559 459 2611 1.
547 2571 553 2586 .

207 2639 247 2674 ex
261 2619 531 2701 magnitudine]
548 2622 602 2675 ie.
617 2628 834 2674 consentaneum
849 2621 1044 2690 magnitudini,
1056 2621 1097 2674 di-

135 2688 1053 2762 guummagnrtudinecf.c.¹7.amabilitate—virtute.

182 2813 186 2836 ,
205 2766 308 2820 lucos
323 2769 358 2821 el
372 2771 530 2840 nemora]
548 2771 667 2824 Lucus
681 2773 708 2840 (a
720 2749 788 2835 λῦἷιη
801 2768 1006 2848 crepusculum)
1020 2767 1096 2836 sylva

136 2853 261 2920 densior,
279 2855 460 2923 obsmrbranu
477 2875 602 2912 nemus
615 2851 804 2936 (simelsylva
816 2855 921 2924 rarior,
938 2854 1034 2926 inquo
1053 2857 1094 2922 ju·

135 2939 230 3004 menta
244 2939 273 2985 et
284 2949 385 3002 pecora
399 2946 551 3005 pascuntur
565 2937 700 3006 (Gehdlz).
717 2939 840 2990 Bassos.
1042 2985 1048 3002 ,

204 3000 283 3054 sola
302 3005 531 3074 reverentia]
555 3006 634 3076 quasi
653 3007 710 3060 sola
728 3012 837 3069 mente,
859 3016 915 3052 non
937 3000 1043 3070 ostilia,
1060 3011 1111 3057 ut·
1171 3034 1178 3050 ι

136 3069 211 3139 quod
224 3085 279 3123 non
292 3067 381 3138 posito
398 3071 544 3126 simulacro
558 3075 644 3128 oculis
658 3071 779 3144 conspici
793 3067 885 3140 possit.

176 3162 208 3214 X.
225 3158 412 3240 Auspicia]
436 3161 459 3213 i:
471 3181 494 3216 e.
508 3163 665 3236 aviuspicia,
683 3160 841 3217 observatio
850 3159 1000 3228 signorum,
1018 3177 1090 3232 quae

134 3227 169 3281 ab
182 3227 250 3281 Deis
262 3229 328 3298 ipsis
340 3225 402 3279 dari
414 3229 586 3285 videbantur.
601 3233 730 3284 Baunov..

155 3341 159 3354 .
202 3295 415 3364 observant]
433 3308 534 3351 curant
550 3309 579 3354 et
592 3307 751 3372 promrant.

28 3427 32 3432 Ι
199 3363 355 3434 temere]
373 3365 536 3418 siueordine
551 3377 580 3422 et
595 3367 795 3420 oonsilioKasr.
808 3371 945 3420 temere
960 3382 999 3418 ac
1015 3363 1087 3418 ior·

22 3477 25 3486 .
130 3440 170 3485 tu
179 3430 234 3484 itu
250 3450 274 3485 v.
287 3435 460 3488 Hsuuusaa.
473 3441 501 3486 et
515 3433 624 3488 Gaaun.
637 3435 673 3488 ad
686 3435 744 3490 cte.
759 3435 794 3489 de
807 3421 890 3487 offic]
902 3435 924 3502 1,
939 3441 984 3493 29.

136 3495 154 3541 ·'
199 3516 284 3553 cons
335 3499 429 3570 etur]
450 3499 573 3555 Verbum
593 3503 790 3558 consulere
809 3501 870 3566 jure
888 3501 980 3554 locum
1003 3516 1085 3554 suum

130 3575 228 3624 tenere
241 3568 302 3622 arbi
327 3569 596 3640 ercammarum,
612 3589 697 3641 quaem
712 3591 736 3626 v.
751 3571 787 3625 ad
801 3573 829 3626 h.
842 3568 860 3623 l
874 3569 981 3636 Iurirria
999 3568 1083 3622 Baa-

123 3653 243 3716 'nauus
255 3653 289 3690 ex
306 3637 474 3692 substantivo
490 3637 717 3696 consultatio
730 3640 859 3710 deinceps
874 3647 1006 3708 sequente
1018 3635 1083 3690 Mu-
